@book{ColBenh:93,
  editor    =   "Fr\'ed\'eric Benhamou and Alain Colmerauer" ,
  title     =   "Constraint {L}ogic {P}rogramming, {S}elected {R}esearch",
  publisher =   "MIT Press",
  year      =   "1993"}

@book{ArmsRace1,
  author    =   "L. F. Richardson",
  title     =   "Arms and {I}nsecurity",
  publisher =   "Boxwood",
  address   =   "Pittsburg",
  pages     =   "200--253",
  year      =   "1960"}

@book{ComplexVariables,
  author    =   "R. V. Churchill and J. W. Brown",
  title     =   "Complex {V}ariables and {A}pplications",
  publisher =   "McGraw-Hill",
  pages     =   "215--253",
  year      =   "1990",
  edition   =   "5th"}

@inproceedings{Moss94,
  author    =   "F. Moss",
  title     =   "Stochastic resonance: From the ice ages to the monkey's ear",
  pages     =   "205--253",
  year      =   "1994",
  crossref  =   "Weiss94"}

@inproceedings{CantoneCP90,
  author    =   "D. Cantone and V. Cutello and A. Policrito",
  title     =   "Set-theoretic reductions of {Hilbert's} {Tenth} {Problem}",
  pages     =   "65--75",
  booktitle =   "CSL '89: 3rd Workshop on Computer Science Logic",
  editor    =   "E. B{\"o}rger and H. Kleine B{\"u}ning and M. M. Richter",
  publisher =   "Springer-Verlag",
  address   =   "Pittsburg",
  series    =   "Lecture Notes in Computer Science",
  year      =   "1990",
  volume    =   "440"}

@proceedings{Weiss94,
  title     =   "Contemporary {P}roblems in {S}tatistical {P}hysics",
  booktitle =   "Contemporary {P}roblems in {S}tatistical {P}hysics",
  editor    =   "G. H. Weiss",
  publisher =   "SIAM, Philadelphia",
  year      =   "1994"}

@article{best,
    author  =   "Bestbury, Bruce W.",
     title  =   "{$R$}-matrices and the magic square",
   journal  =   "J. Phys. A",
  fjournal  =   "Journal of Physics. A. Mathematical and General",
    volume  =   "36",
      year  =   "2003",
    number  =   "7",
     pages  =   "1947--1959",
      issn  =   "0305-4470",
     coden  =   "JPHAC5",
   mrclass  =   "17B10",
  mrnumber  =   "1 960 703"}

@article{pier,
    author  =   "Deligne, Pierre X. and Gross, Benedict H.",
     title  =   "On the exceptional series, and its descendants",
   journal  =   "C. R. Math. Acad. Sci. Paris",
  fjournal  =   "Comptes Rendus Math\'ematique. Acad\'emie des Sciences. Paris",
    volume  =   "335",
      year  =   "2002",
    number  =   "11",
     pages  =   "877--881",
      issn  =   "1631-073X",
   mrclass  =   "20Gxx",
  mrnumber  =   "1 952 563"}

@article{jame,
    author  =   "Landsberg, James. M. and Manivel, L.",
     title  =   "Triality, exceptional {L}ie algebras and {D}eligne dimension formulas",
   journal  =   "Adv. Math.",
  fjournal  =   "Advances in Mathematics",
    volume  =   "171",
      year  =   "2002",
    number  =   "1",
     pages  =   "59--85",
      issn  =   "0001-8708",
     coden  =   "ADMTA4",
   mrclass  =   "17B20 (17B25)",
  mrnumber  =   "1 933 384",
mrreviewer  =   "Dmitri I. Panyushev"}

@techreport{hobby1992,
     author =   "John D. Hobby",
      title =   "{A User's Manual for MetaPost}",
       year =   "1992",
      month =   "apr",
   language =   "english",
institution =   "AT\&T Bell Laboratories",
    address =   "Murray Hill, New Jersey",
       date =   "April 1992",
     number =   "162",
     npages =   "ii+88~pages"}

@techreport{CSTR116,
     author =   "Kernighan, Brian W.",
      title =   "{PIC}---{A} Graphics Language for Typesetting",
       type =   "Computing Science Technical Report",
     number =   "116",
institution =   "AT\&T Bell Laboratories",
    address =   "Murray Hill, New Jersey",
       year =   "1984"}

@unpublished{VoQS,
  author    =   "Ball, Martin J. and Esling, John and Dickson, Craig",
  title     =   "{VoQS: Voice Quality Symbols}",
  note      =   "Revised to 1994",
  year      =   "1994"}

@phdthesis{Brown:1988:IEL,
  author    =   "Marcus E. Brown",
  title     =   "An Interactive Environment for Literate Programming",
  school    =   "Texas A\&M University",
  address   =   "TX, USA",
  pages     =   "ix, 102",
  month     =   "aug",
  year      =   "1988"}

@inbook{inbook,
  author    =   "D. W. Baker and N. L. Carter",
  year      =   "1972",
  editor    =   "H. C. Heard and I. V. Borg and N. L. Carter and C. B. Raleigh",
  title     =   "Seismic {V}elocity {A}nisotropy {C}alculated for {U}ltramafic {M}inerals
                and {A}ggregates",
  booktitle =   "Flow and {F}racture of {R}ocks",
  publisher =   "Am. Geophys. Union",
  series    =   "Geophys. Mono.",
  volume    =   "16",
  pages     =   "157--166"}

@mastersthesis{segms,
  author    =   "G[unter] S[ergei] Lodha",
  title     =   "Quantitative interpretation of ariborne
                electromagnetic response for a spherical model",
  school    =   "University of Toronto",
  year      =   "1974"}

@incollection{Jones:Phoneme,
  author    =   "Jones, Daniel",
  title     =   "{The term `phoneme'}",
  editor    =   "Jones, W. E. and Laver, J.",
  booktitle =   "Phonetics in Linguistics: A Book of Reading",
  publisher =   "Longman",
  address   =   "London",
  pages     =   "187--204",
  year      =   "1973"}

@booklet{URW:kerning,
  author       = "Bill Murrey",
  title        = "Kerning on the {F}ly",
  howpublished = "URW Non-Plus-Ultra Typography Series",
  address      = "Pittsburg",
  year         = "1991"}

@misc{netpbm,
  author    =   "Bill Davidsen",
  title     =   "NETPBM",
  year      =   "1993",
  note      =   "\url{ftp://ftp.wustl.edu/graphics/graphics/packages/NetPBM}."}

@article{atlas,
  author = {Aad, Georges and others},
  title = {Measurement of the top quark-pair production cross section with ATLAS
    in pp collisions at $\sqrt{s}=7\rm\ TeV$},
  journal = {Eur. Phys. J. C},
  year = {2011},
  volume = {71},
  pages = {1577},
  archiveprefix = {arXiv},
  collaboration = {ATLAS},
  doi = {10.1140/epjc/s10052-011-1577-6},
  eprint = {1012.1792},
  file = {arxiv.1012.1792.pdf:arxiv.1012.1792.pdf:PDF},
  primaryclass = {hep-ex},
  slaccitation = {%%CITATION = 1012.1792;%%},
  timestamp = {2011.12.05}
}

@ARTICLE{cmspas-top-11-028,
  title = {Search for Flavor Changing Neutral Currents in Top Quark Decays in
    pp Collisions at sqrt(s)= 7 TeV},
  journal = {CMS-PAS-TOP-11-028},
  year = {2012},
  collaboration = {CMS},
  file = {:TOP-11-028-pas.pdf:PDF},
  owner = {fpschill},
  timestamp = {2012.03.22}
}

@ARTICLE{ATLAS-CONF-2012-029,
  title = {A Search for tt Resonances in the Lepton Plus Jets Channel using
    2.05 fb-1},
  journal = {ATLAS-CONF-2012-029},
  year = {2012},
  collaboration = {ATLAS},
  file = {ATLAS-CONF-2012-029.pdf:ATLAS-CONF-2012-029.pdf:PDF},
  timestamp = {2012.03.22}
}

@UNPUBLISHED{ATLAS-CONF-2011-011,
  title = {{U}pdated {L}uminosity {D}etermination in pp {C}ollisions at $\sqrt{s}=7$
    {T}e{V} using the {ATLAS} {D}etector},
  note = {ATLAS-CONF-2011-011},
  year = {2011},
  collaboration = {ATLAS},
}

@UNPUBLISHED{ATLAS-CONF-2011-121,
  title = {{M}easurement of the $t\bar{t}$ production cross-section in pp collisions
    at $\sqrt{s}=7 \rm\ {T}e{V}$ using kinematic information of lepton+jets
    events},
  note = {ATLAS-CONF-2011-121},
  year = {2011},
  collaboration = {ATLAS},
  file = {:ATLAS-CONF-2011-121.pdf:PDF},
  archiveprefix = {arXiv},
  eprint = {1203.6803},
  timestamp = {2011.12.05}
}

@INPROCEEDINGS{Maestre:2012vp,
  author = {Denner, A. and Dittmaier, S. and  Kallweit, S. and Pozzorini, S.
    and Schulze, M.},
  title = {{F}inite-width effects in top-quark pair production and decay at
    the {LHC}},
  booktitle = {The SM and NLO Multileg and SM MC Working Groups: Summary Report; Proc. of the 2011 workshop ``Physics at TeV Colliders'', Les Houches, France},
  year = {2012},
  editor = {Maestre, J. Alcaraz and others},
  pages = {55},
  archiveprefix = {arXiv},
  eprint = {1203.6803},
  primaryclass = {hep-ph},
  slaccitation = {%%CITATION = ARXIV:1203.6803;%%},
  timestamp = {2012.04.27}
}
